<collection xmlns="http://www.loc.gov/MARC21/slim">
<record>
  <leader>01810nam0a2200325 i 450 </leader>
  <controlfield tag="001">IT\ICCU\CNCE\008114</controlfield>
  <controlfield tag="005">20190510000000.0</controlfield>
  <datafield tag="012" ind1=" " ind2=" ">
    <subfield code="a">i-i- n-r- coil saal (3) 1578 (A)</subfield>
    <subfield code="2">fei</subfield>
  </datafield>
  <datafield tag="100" ind1=" " ind2=" ">
    <subfield code="a">19970101d1578        0itac0103    ba</subfield>
  </datafield>
  <datafield tag="101" ind1=" " ind2=" ">
    <subfield code="a">ITA</subfield>
  </datafield>
  <datafield tag="102" ind1=" " ind2=" ">
    <subfield code="a">IT</subfield>
  </datafield>
  <datafield tag="200" ind1="1" ind2=" ">
    <subfield code="a">Trattato della tribolatione, del r. mons. Cacciaguerra: di nuouo con belle figure ornato, &amp; con diligenza ricorretto</subfield>
  </datafield>
  <datafield tag="210" ind1=" " ind2=" ">
    <subfield code="a">In Venetia</subfield>
    <subfield code="c">appresso Io. Battista Vsso</subfield>
    <subfield code="d">1578</subfield>
    <subfield code="e">In Venetia</subfield>
    <subfield code="g">appresso Gio. Baptista Vscio</subfield>
    <subfield code="h">1578</subfield>
  </datafield>
  <datafield tag="215" ind1=" " ind2=" ">
    <subfield code="a">73, \9! c.</subfield>
    <subfield code="d">12ʻ</subfield>
  </datafield>
  <datafield tag="620" ind1=" " ind2=" ">
    <subfield code="a">IT</subfield>
    <subfield code="d">Venezia</subfield>
  </datafield>
  <datafield tag="700" ind1=" " ind2="1">
    <subfield code="a">Cacciaguerra,</subfield>
    <subfield code="b">Bonsignore</subfield>
    <subfield code="3">IT\ICCU\CNCA\002319</subfield>
  </datafield>
  <datafield tag="712" ind1="0" ind2="0">
    <subfield code="a">Porta, Giovanni Battista</subfield>
    <subfield code="3">IT\ICCU\CNCT\000283</subfield>
    <subfield code="4">650</subfield>
  </datafield>
  <datafield tag="791" ind1="0" ind2="0">
    <subfield code="a">Ostio, Iohannes Baptista ab</subfield>
    <subfield code="3">IT\ICCU\CNCT\002284</subfield>
    <subfield code="z">Porta, Giovanni Battista</subfield>
  </datafield>
  <datafield tag="791" ind1="0" ind2="0">
    <subfield code="a">Hostio, Ioahnnes Baptista ab</subfield>
    <subfield code="3">IT\ICCU\CNCT\002533</subfield>
    <subfield code="z">Porta, Giovanni Battista</subfield>
  </datafield>
  <datafield tag="791" ind1="0" ind2="0">
    <subfield code="a">Uscio, Giovanni Battista</subfield>
    <subfield code="3">IT\ICCU\CNCT\004058</subfield>
    <subfield code="z">Porta, Giovanni Battista</subfield>
  </datafield>
  <datafield tag="791" ind1="0" ind2="0">
    <subfield code="a">Ussio, Giovanni Battista</subfield>
    <subfield code="3">IT\ICCU\CNCT\005477</subfield>
    <subfield code="z">Porta, Giovanni Battista</subfield>
  </datafield>
  <datafield tag="791" ind1="0" ind2="0">
    <subfield code="a">Ussius, Ioannes Baptista</subfield>
    <subfield code="3">IT\ICCU\CNCT\005478</subfield>
    <subfield code="z">Porta, Giovanni Battista</subfield>
  </datafield>
  <datafield tag="801" ind1=" " ind2="3">
    <subfield code="a">IT</subfield>
    <subfield code="b">ICCU</subfield>
    <subfield code="c">20201113</subfield>
  </datafield>
  <datafield tag="899" ind1=" " ind2=" ">
    <subfield code="a">Biblioteca del Seminario vescovile. Como</subfield>
    <subfield code="1">CO0213</subfield>
    <subfield code="2">PBE 18</subfield>
  </datafield>
  <datafield tag="899" ind1=" " ind2=" ">
    <subfield code="a">Biblioteca comunale Malatestiana. Cesena</subfield>
    <subfield code="1">FC0011</subfield>
    <subfield code="2">RAV CS</subfield>
  </datafield>
  <datafield tag="899" ind1=" " ind2=" ">
    <subfield code="a">Biblioteca comunale di Velletri - Fondo antico. Velletri</subfield>
    <subfield code="1">RM0611</subfield>
    <subfield code="2">RMS L9</subfield>
  </datafield>
  <datafield tag="899" ind1=" " ind2=" ">
    <subfield code="a">Biblioteca Diocesana Vigilianum. Trento</subfield>
    <subfield code="1">TN0132</subfield>
    <subfield code="2">ZTN 10</subfield>
  </datafield>
  <datafield tag="899" ind1=" " ind2=" ">
    <subfield code="a">Biblioteca del Seminario arcivescovile di Milano. Venegono Inferiore</subfield>
    <subfield code="1">VA0122</subfield>
    <subfield code="2">ZVA 04</subfield>
  </datafield>
  <datafield tag="911" ind1=" " ind2=" ">
    <subfield code="a">Sul front.</subfield>
    <subfield code="9">IT\ICCU\CNCM\000140</subfield>
  </datafield>
  <datafield tag="921" ind1=" " ind2=" ">
    <subfield code="a">IT\ICCU\CNCM\000140</subfield>
    <subfield code="b">Porta con timpano triangolare e colonne ioniche. In cornice</subfield>
    <subfield code="e">Iusti intrabunt per eam</subfield>
    <subfield code="c">Q52</subfield>
    <subfield code="c">Z974</subfield>
    <subfield code="d">Dimensioni: 4,4 x 4,7</subfield>
    <subfield code="f">ARCHITRAVE</subfield>
    <subfield code="f">COLONNE</subfield>
    <subfield code="f">IUSTIINTRA</subfield>
    <subfield code="f">PORTA</subfield>
    <subfield code="g">1578-1598</subfield>
  </datafield>
</record>
</collection>
